<record><leader>00000cas a22000007a 4500</leader><controlfield tag="001">19491165</controlfield><controlfield tag="008">890404d19141929nduwr ne      0    0eng d</controlfield><datafield ind1=" " ind2=" " tag="010"><subfield code="a">sn 88076639 </subfield></datafield><datafield ind1=" " ind2=" " tag="040"><subfield code="a">NOP</subfield><subfield code="b">eng</subfield><subfield code="c">NOP</subfield><subfield code="d">OCLCQ</subfield></datafield><datafield ind1=" " ind2=" " tag="042"><subfield code="a">msc</subfield></datafield><datafield ind1="0" ind2="0" tag="245"><subfield code="a">Sioux County pioneer.</subfield></datafield><datafield ind1=" " ind2=" " tag="260"><subfield code="a">Fort Yates, Sioux County, N.D. :</subfield><subfield code="b">C. Christenson</subfield></datafield><datafield ind1=" " ind2=" " tag="300"><subfield code="a">18 v. :</subfield><subfield code="b">ill. ;</subfield><subfield code="c">57 cm.</subfield></datafield><datafield ind1=" " ind2=" " tag="310"><subfield code="a">Weekly</subfield></datafield><datafield ind1="0" ind2=" " tag="362"><subfield code="a">Vol. 1, no. 1 (Sept. 24, 1914)-v. 18, no. 51 (Oct. 3, 1929).</subfield></datafield><datafield ind1=" " ind2=" " tag="500"><subfield code="a">"Legal official county paper."</subfield></datafield><datafield ind1=" " ind2=" " tag="530"><subfield code="a">Available on microfilm from the State Historical Society of North Dakota.</subfield></datafield><datafield ind1=" " ind2=" " tag="752"><subfield code="a">United States</subfield><subfield code="b">North Dakota</subfield><subfield code="c">Sioux</subfield><subfield code="d">Fort Yates.</subfield></datafield><datafield ind1="0" ind2="7" tag="785"><subfield code="t">Sioux County arrow</subfield><subfield code="w">(DLC)sn 88076638</subfield></datafield><datafield ind1="0" ind2="7" tag="785"><subfield code="t">Sioux County pioneer-arrow</subfield><subfield code="w">(DLC)sn 88076640</subfield></datafield></record>